@article{Guanziroli:1987rp,
    author = "Guanziroli, M. and others",
    collaboration = "NA10",
    title = "{Angular Distributions of Muon Pairs Produced by Negative Pions on Deuterium and Tungsten}",
    reportNumber = "CERN-EP-87-199",
    doi = "10.1007/BF01549713",
    journal = "Z. Phys. C",
    volume = "37",
    pages = "545",
    year = "1988"
}

@article{Boer:2011xd,
    author = "Boer, Daniel and Gamberg, Leonard and Musch, Bernhard and Prokudin, Alexei",
    title = "{Bessel-Weighted Asymmetries in Semi Inclusive Deep Inelastic Scattering}",
    eprint = "1107.5294",
    archivePrefix = "arXiv",
    primaryClass = "hep-ph",
    reportNumber = "JLAB-THY-11-1327",
    doi = "10.1007/JHEP10(2011)021",
    journal = "JHEP",
    volume = "10",
    pages = "021",
    year = "2011"
}

@article{Kang:2015msa,
    author = "Kang, Zhong-Bo and Prokudin, Alexei and Sun, Peng and Yuan, Feng",
    title = "{Extraction of Quark Transversity Distribution and Collins Fragmentation Functions with QCD Evolution}",
    eprint = "1505.05589",
    archivePrefix = "arXiv",
    primaryClass = "hep-ph",
    reportNumber = "JLAB-THY-15-2044",
    doi = "10.1103/PhysRevD.93.014009",
    journal = "Phys. Rev. D",
    volume = "93",
    number = "1",
    pages = "014009",
    year = "2016"
}


@article{Pobylitsa:2003ty,
    author = "Pobylitsa, P.V.",
    title = "{Transverse momentum dependent parton distributions in large N(c) QCD}",
    eprint = "hep-ph/0301236",
    archivePrefix = "arXiv",
    month = "1",
    year = "2003"
}

@article{Burkardt:2007xm,
    author = "Burkardt, Matthias and Hannafious, Brian",
    title = "{Are all Boer-Mulders functions alike?}",
    eprint = "0705.1573",
    archivePrefix = "arXiv",
    primaryClass = "hep-ph",
    doi = "10.1016/j.physletb.2007.09.064",
    journal = "Phys. Lett. B",
    volume = "658",
    pages = "130--137",
    year = "2008"
}

@article{Conway:1989fs,
    author = "Conway, J.S. and others",
    title = "{Experimental Study of Muon Pairs Produced by 252-GeV Pions on Tungsten}",
    doi = "10.1103/PhysRevD.39.92",
    journal = "Phys. Rev. D",
    volume = "39",
    pages = "92--122",
    year = "1989"
}

@article{Landry:2002ix,
    author = "Landry, F. and Brock, R. and Nadolsky, Pavel M. and Yuan, C.P.",
    title = "{Tevatron Run-1 $Z$ boson data and Collins-Soper-Sterman resummation formalism}",
    eprint = "hep-ph/0212159",
    archivePrefix = "arXiv",
    doi = "10.1103/PhysRevD.67.073016",
    journal = "Phys. Rev. D",
    volume = "67",
    pages = "073016",
    year = "2003"
}

@article{Cahn:1978se,
      author         = "Cahn, Robert N.",
      title          = "{Azimuthal Dependence in Leptoproduction: A Simple Parton
                        Model Calculation}",
      journal        = "Phys. Lett.",
      volume         = "B78",
      pages          = "269",
      doi            = "10.1016/0370-2693(78)90020-5",
      year           = "1978",
      reportNumber   = "UM HE 78-22",
      SLACcitation   = "%%CITATION = PHLTA,B78,269;%%",
}

@Article{Sivers:1989cc,
     author    = "Sivers, Dennis W.",
     title     = "SINGLE SPIN PRODUCTION ASYMMETRIES FROM THE HARD SCATTERING
                  OF POINT-LIKE CONSTITUENTS",
     journal   = "Phys. Rev.",
     volume    = "D41",
     year      = "1990",
     pages     = "83",
     SLACcitation  = "%%CITATION = PHRVA,D41,83;%%"
}

@Article{Anselmino:1994tv,
     author    = "Anselmino, M. and Boglione, Mariaelena and Murgia, F.",
     title     = "{Single spin asymmetry for p (polarized) p $\to \pi$X in
                  perturbative QCD}",
     journal   = "Phys. Lett.",
     volume    = "B362",
     year      = "1995",
     pages     = "164-172",
     eprint    = "hep-ph/9503290",
     archivePrefix = "arXiv",
     doi       = "10.1016/0370-2693(95)01168-P",
     SLACcitation  = "%%CITATION = HEP-PH/9503290;%%"
}

@Article{Kotzinian:1994dv,
     author    = "Kotzinian, Aram",
     title     = "New quark distributions and semiinclusive electroproduction
                  on the polarized nucleons",
     journal   = "Nucl. Phys.",
     volume    = "B441",
     year      = "1995",
     pages     = "234-248",
     eprint    = "hep-ph/9412283",
     SLACcitation  = "%%CITATION = HEP-PH 9412283;%%"
}

@Article{Mulders:1995dh,
     author    = "Mulders, P. J. and Tangerman, R. D.",
     title     = "{The complete tree-level result up to order 1/Q for
                  polarized  deep-inelastic leptoproduction}",
     journal   = "Nucl. Phys.",
     volume    = "B461",
     year      = "1996",
     pages     = "197-237",
     eprint    = "hep-ph/9510301",
     archivePrefix = "arXiv",
     doi       = "10.1016/0550-3213(95)00632-X",
     SLACcitation  = "%%CITATION = HEP-PH/9510301;%%"
}

@Article{Kotzinian:1995cz,
     author    = "Kotzinian, A. M. and Mulders, P. J.",
     title     = "{Longitudinal quark polarization in transversely polarized
                  nucleons}",
     journal   = "Phys. Rev.",
     volume    = "D54",
     year      = "1996",
     pages     = "1229-1232",
     eprint    = "hep-ph/9511420",
     archivePrefix = "arXiv",
     doi       = "10.1103/PhysRevD.54.1229",
     SLACcitation  = "%%CITATION = HEP-PH/9511420;%%"
}

@article{Tangerman:1994eh,
    author = "Tangerman, R.D. and Mulders, P. J.",
    title = "{Intrinsic transverse momentum and the polarized Drell-Yan process}",
    eprint = "hep-ph/9403227",
    archivePrefix = "arXiv",
    reportNumber = "NIKHEF-94-P1",
    doi = "10.1103/PhysRevD.51.3357",
    journal = "Phys. Rev. D",
    volume = "51",
    pages = "3357--3372",
    year = "1995"
}

@article{Boer:1999mm,
    author = "Boer, Daniel",
    title = "{Investigating the origins of transverse spin asymmetries at RHIC}",
    eprint = "hep-ph/9902255",
    archivePrefix = "arXiv",
    reportNumber = "RIKEN-BNL-PREPRINT",
    doi = "10.1103/PhysRevD.60.014012",
    journal = "Phys. Rev. D",
    volume = "60",
    pages = "014012",
    year = "1999"
}

@Article{Boer:1997nt,
     author    = "Boer, Daniel and Mulders, P. J.",
     title     = "{Time-reversal odd distribution functions in
                  leptoproduction}",
     journal   = "Phys. Rev.",
     volume    = "D57",
     year      = "1998",
     pages     = "5780-5786",
     eprint    = "hep-ph/9711485",
     archivePrefix = "arXiv",
     doi       = "10.1103/PhysRevD.57.5780",
     SLACcitation  = "%%CITATION = HEP-PH/9711485;%%"
}

@Article{Airapetian:2004tw,
     author    = "Airapetian, A. and others",
 collaboration = "HERMES",
     title     = "Single-spin asymmetries in semi-inclusive deep-inelastic
                  scattering on  a transversely polarized hydrogen target",
     journal   = "Phys. Rev. Lett.",
     volume    = "94",
     year      = "2005",
     pages     = "012002",
     eprint    = "hep-ex/0408013",
     SLACcitation  = "%%CITATION = HEP-EX 0408013;%%"
}

@article{Airapetian:1999tv,
    author = "Airapetian, A. and others",
    collaboration = "HERMES",
    title = "{Observation of a single spin azimuthal asymmetry in semiinclusive pion electro production}",
    eprint = "hep-ex/9910062",
    archivePrefix = "arXiv",
    reportNumber = "DESY-99-149",
    doi = "10.1103/PhysRevLett.84.4047",
    journal = "Phys. Rev. Lett.",
    volume = "84",
    pages = "4047--4051",
    year = "2000"
}

@article{Jawalkar:2017ube,
    author = "Jawalkar, S. and others",
    collaboration = "CLAS",
    title = "{Semi-Inclusive $\pi_0$ target and beam-target asymmetries from 6 GeV electron scattering with CLAS}",
    eprint = "1709.10054",
    archivePrefix = "arXiv",
    primaryClass = "nucl-ex",
    reportNumber = "JLAB-PHY-17-2567",
    doi = "10.1016/j.physletb.2018.06.014",
    journal = "Phys. Lett. B",
    volume = "782",
    pages = "662--667",
    year = "2018"
}

@article{Parsamyan:2018ovx,
    author = "Parsamyan, Bakur",
    editor = "Klein, Uta",
    title = "{Measurement of longitudinal-target-polarization dependent azimuthal asymmetries in SIDIS at COMPASS experiment}",
    eprint = "1801.01488",
    archivePrefix = "arXiv",
    primaryClass = "hep-ex",
    doi = "10.22323/1.297.0259",
    journal = "PoS",
    volume = "DIS2017",
    pages = "259",
    year = "2018"
}

@article{Parsamyan:2018evv,
    author = "Parsamyan, Bakur",
    title = "{Measurement of target-polarization dependent azimuthal asymmetries in SIDIS and Drell-Yan processes at COMPASS experiment}",
    doi = "10.22323/1.308.0042",
    journal = "PoS",
    volume = "QCDEV2017",
    pages = "042",
    year = "2018"
}

@Article{Alexakhin:2005iw,
     author    = "Alexakhin, V. Yu. and others",
 collaboration = "COMPASS",
     title     = "First measurement of the transverse spin asymmetries of the
                  deuteron in  semi-inclusive deep inelastic scattering",
     journal   = "Phys. Rev. Lett.",
     volume    = "94",
     year      = "2005",
     pages     = "202002",
     eprint    = "hep-ex/0503002",
     SLACcitation  = "%%CITATION = HEP-EX 0503002;%%"
}

@article{Kang:2014zza,
    author = "Kang, Zhong-Bo and Prokudin, Alexei and Sun, Peng and Yuan, Feng",
    title = "{Nucleon tensor charge from Collins azimuthal asymmetry measurements}",
    eprint = "1410.4877",
    archivePrefix = "arXiv",
    primaryClass = "hep-ph",
    reportNumber = "JLAB-THY-14-1965",
    doi = "10.1103/PhysRevD.91.071501",
    journal = "Phys. Rev. D",
    volume = "91",
    pages = "071501",
    year = "2015"
}

@article{Su:2014wpa,
    author = "Sun, Peng and Isaacson, Joshua and Yuan, C. -P. and Yuan, Feng",
    title = "{Nonperturbative functions for SIDIS and Drell\textendash Yan processes}",
    eprint = "1406.3073",
    archivePrefix = "arXiv",
    primaryClass = "hep-ph",
    doi = "10.1142/S0217751X18410063",
    journal = "Int. J. Mod. Phys. A",
    volume = "33",
    number = "11",
    pages = "1841006",
    year = "2018"
}

@article{Echevarria:2020hpy,
    author = "Echevarria, Miguel G. and Kang, Zhong-Bo and Terry, John",
    title = "{Global analysis of the Sivers functions at NLO+NNLL in QCD}",
    eprint = "2009.10710",
    archivePrefix = "arXiv",
    primaryClass = "hep-ph",
    month = "9",
    year = "2020"
}

@article{Kang:2011mr,
    author = "Kang, Zhong-Bo and Xiao, Bo-Wen and Yuan, Feng",
    title = "{QCD Resummation for Single Spin Asymmetries}",
    eprint = "1106.0266",
    archivePrefix = "arXiv",
    primaryClass = "hep-ph",
    doi = "10.1103/PhysRevLett.107.152002",
    journal = "Phys. Rev. Lett.",
    volume = "107",
    pages = "152002",
    year = "2011"
}

@article{Echevarria:2012pw,
    author = {Echevarria, Miguel G. and Idilbi, Ahmad and Sch\"afer, Andreas and Scimemi, Ignazio},
    title = "{Model-Independent Evolution of Transverse Momentum Dependent Distribution Functions (TMDs) at NNLL}",
    eprint = "1208.1281",
    archivePrefix = "arXiv",
    primaryClass = "hep-ph",
    doi = "10.1140/epjc/s10052-013-2636-y",
    journal = "Eur. Phys. J. C",
    volume = "73",
    number = "12",
    pages = "2636",
    year = "2013"
}

@article{Qiu:2000ga,
    author = "Qiu, Jian-wei and Zhang, Xiao-fei",
    title = "{QCD prediction for heavy boson transverse momentum distributions}",
    eprint = "hep-ph/0012058",
    archivePrefix = "arXiv",
    doi = "10.1103/PhysRevLett.86.2724",
    journal = "Phys. Rev. Lett.",
    volume = "86",
    pages = "2724--2727",
    year = "2001"
}


@article{Hou:2019efy,
    author = "Hou, Tie-Jiun and others",
    title = "{New CTEQ global analysis of quantum chromodynamics with high-precision data from the LHC}",
    eprint = "1912.10053",
    archivePrefix = "arXiv",
    primaryClass = "hep-ph",
    reportNumber = "MSUHEP-19-025, PITT-PACC-1911, SMU-HEP-19-03",
    month = "12",
    year = "2019"
}

@article{Grozin:2014hna,
    author = "Grozin, Andrey and Henn, Johannes M. and Korchemsky, Gregory P. and Marquard, Peter",
    title = "{Three Loop Cusp Anomalous Dimension in QCD}",
    eprint = "1409.0023",
    archivePrefix = "arXiv",
    primaryClass = "hep-ph",
    reportNumber = "IPHT-T14-111, DESY-14-148, SFB-CPP-14-64, LPN14-104",
    doi = "10.1103/PhysRevLett.114.062006",
    journal = "Phys. Rev. Lett.",
    volume = "114",
    number = "6",
    pages = "062006",
    year = "2015"
}

@article{Moch:2005id,
    author = "Moch, S. and Vermaseren, J.A.M. and Vogt, A.",
    title = "{The Quark form-factor at higher orders}",
    eprint = "hep-ph/0507039",
    archivePrefix = "arXiv",
    reportNumber = "SFB-CPP-05-26, DCPT-05-66, IPP-05-33, NIKHEF-05-011, DESY-05-106",
    doi = "10.1088/1126-6708/2005/08/049",
    journal = "JHEP",
    volume = "08",
    pages = "049",
    year = "2005"
}

@article{Bacchetta:2019qkv,
    author = "Bacchetta, Alessandro and Bozzi, Giuseppe and Echevarria, Miguel G. and Pisano, Cristian and Prokudin, Alexey and Radici, Marco",
    title = "{Azimuthal asymmetries in unpolarized SIDIS and Drell-Yan processes: a case study towards TMD factorization at subleading twist}",
    eprint = "1906.07037",
    archivePrefix = "arXiv",
    primaryClass = "hep-ph",
    reportNumber = "JLAB-THY-19-2963",
    doi = "10.1016/j.physletb.2019.134850",
    journal = "Phys. Lett. B",
    volume = "797",
    pages = "134850",
    year = "2019"
}


@article{Ageev:2006da,
    author = "Ageev, E.S. and others",
    collaboration = "COMPASS",
    title = "{A New measurement of the Collins and Sivers asymmetries on a transversely polarised deuteron target}",
    eprint = "hep-ex/0610068",
    archivePrefix = "arXiv",
    reportNumber = "DAPNIA-06-341, CERN-PH-EP-2006-031, CERN-PH-EP\_2006-031",
    doi = "10.1016/j.nuclphysb.2006.10.027",
    journal = "Nucl. Phys. B",
    volume = "765",
    pages = "31--70",
    year = "2007"
}

@article{Airapetian:2009ae,
    author = "Airapetian, A. and others",
    collaboration = "HERMES",
    title = "{Observation of the Naive-T-odd Sivers Effect in Deep-Inelastic Scattering}",
    eprint = "0906.3918",
    archivePrefix = "arXiv",
    primaryClass = "hep-ex",
    reportNumber = "DESY-09-089",
    doi = "10.1103/PhysRevLett.103.152002",
    journal = "Phys. Rev. Lett.",
    volume = "103",
    pages = "152002",
    year = "2009"
}

@article{Avakian:2010ae,
    author = "Avakian, H. and others",
    collaboration = "CLAS",
    title = "{Measurement of Single and Double Spin Asymmetries in Deep Inelastic Pion Electroproduction with a Longitudinally Polarized Target}",
    eprint = "1003.4549",
    archivePrefix = "arXiv",
    primaryClass = "hep-ex",
    reportNumber = "JLAB-PHY-10-1157",
    doi = "10.1103/PhysRevLett.105.262002",
    journal = "Phys. Rev. Lett.",
    volume = "105",
    pages = "262002",
    year = "2010"
}

@article{Airapetian:2012yg,
      author         = "Airapetian, A. and others",
      title          = "{Azimuthal distributions of charged hadrons, pions, and
                        kaons produced in deep-inelastic scattering off
                        unpolarized protons and deuterons}",
      collaboration  = "HERMES",
      journal        = "Phys. Rev.",
      volume         = "D87",
      year           = "2013",
      number         = "1",
      pages          = "012010",
      doi            = "10.1103/PhysRevD.87.012010",
      eprint         = "1204.4161",
      archivePrefix  = "arXiv",
      primaryClass   = "hep-ex",
      reportNumber   = "DESY-12-060",
      SLACcitation   = "%%CITATION = ARXIV:1204.4161;%%"
}


@article{Aschenauer:2015eha,
    author = "Aschenauer, Elke-Caroline and others",
    title = "{The RHIC SPIN Program: Achievements and Future Opportunities}",
    eprint = "1501.01220",
    archivePrefix = "arXiv",
    primaryClass = "nucl-ex",
    month = "1",
    year = "2015"
}

@article{Anselmino:2010bs,
    author = "Anselmino, M. and Boglione, M. and D'Alesio, U. and Melis, S. and Murgia, F. and Prokudin, A.",
    editor = "Stroher, Hans and Rathmann, Frank",
    title = "{New insight on the Sivers transverse momentum dependent distribution function}",
    eprint = "1012.3565",
    archivePrefix = "arXiv",
    primaryClass = "hep-ph",
    reportNumber = "JLAB-THY-10-1298",
    doi = "10.1088/1742-6596/295/1/012062",
    journal = "J. Phys. Conf. Ser.",
    volume = "295",
    pages = "012062",
    year = "2011"
}

@article{Anselmino:2005ea,
    author = "Anselmino, M. and Boglione, M. and D'Alesio, U. and Kotzinian, A. and Murgia, F. and Prokudin, A.",
    title = "{Extracting the Sivers function from polarized SIDIS data and making predictions}",
    eprint = "hep-ph/0507181",
    archivePrefix = "arXiv",
    doi = "10.1103/PhysRevD.72.094007",
    journal = "Phys. Rev. D",
    volume = "72",
    pages = "094007",
    year = "2005",
    note = "[Erratum: Phys.Rev.D 72, 099903 (2005)]"
}

@article{Bacchetta:2020gko,
    author = "Bacchetta, Alessandro and Delcarro, Filippo and Pisano, Cristian and Radici, Marco",
    title = "{The three-dimensional distribution of quarks in momentum space}",
    eprint = "2004.14278",
    archivePrefix = "arXiv",
    primaryClass = "hep-ph",
    reportNumber = "JLAB-THY-20-3186",
    month = "4",
    year = "2020"
}

@article{Echevarria:2014xaa,
    author = "Echevarria, Miguel G. and Idilbi, Ahmad and Kang, Zhong-Bo and Vitev, Ivan",
    title = "{QCD Evolution of the Sivers Asymmetry}",
    eprint = "1401.5078",
    archivePrefix = "arXiv",
    primaryClass = "hep-ph",
    reportNumber = "NIKHEF-2014-004",
    doi = "10.1103/PhysRevD.89.074013",
    journal = "Phys. Rev. D",
    volume = "89",
    pages = "074013",
    year = "2014"
}

@article{Bacchetta:2011gx,
    author = "Bacchetta, Alessandro and Radici, Marco",
    title = "{Constraining quark angular momentum through semi-inclusive measurements}",
    eprint = "1107.5755",
    archivePrefix = "arXiv",
    primaryClass = "hep-ph",
    doi = "10.1103/PhysRevLett.107.212001",
    journal = "Phys. Rev. Lett.",
    volume = "107",
    pages = "212001",
    year = "2011"
}

@article{Anselmino:2008sga,
    author = "Anselmino, M. and Boglione, M. and D'Alesio, U. and Kotzinian, A. and Melis, S. and Murgia, F. and Prokudin, A. and Turk, C.",
    title = "{Sivers Effect for Pion and Kaon Production in Semi-Inclusive Deep Inelastic Scattering}",
    eprint = "0805.2677",
    archivePrefix = "arXiv",
    primaryClass = "hep-ph",
    doi = "10.1140/epja/i2008-10697-y",
    journal = "Eur. Phys. J. A",
    volume = "39",
    pages = "89--100",
    year = "2009"
}

@article{Vogelsang:2005cs,
    author = "Vogelsang, Werner and Yuan, Feng",
    title = "{Single-transverse spin asymmetries: From DIS to hadronic collisions}",
    eprint = "hep-ph/0507266",
    archivePrefix = "arXiv",
    reportNumber = "BNL-NT-05-26, RBRC-537",
    doi = "10.1103/PhysRevD.72.054028",
    journal = "Phys. Rev. D",
    volume = "72",
    pages = "054028",
    year = "2005"
}

@article{Collins:2005ie,
    author = "Collins, J.C. and Efremov, A.V. and Goeke, K. and Menzel, S. and Metz, A. and Schweitzer, P.",
    title = "{Sivers effect in semi-inclusive deeply inelastic scattering}",
    eprint = "hep-ph/0509076",
    archivePrefix = "arXiv",
    doi = "10.1103/PhysRevD.73.014021",
    journal = "Phys. Rev. D",
    volume = "73",
    pages = "014021",
    year = "2006"
}

@inproceedings{Anselmino:2005an,
    author = "Anselmino, M. and others",
    title = "{Comparing extractions of Sivers functions}",
    booktitle = "{International Workshop on Transverse Polarization Phenomena in Hard Processes}",
    eprint = "hep-ph/0511017",
    archivePrefix = "arXiv",
    reportNumber = "BNL-NT-05-42, RBRC-572, RUB-TPII-14-05",
    doi = "10.1142/9789812773272\_0028",
    pages = "236--243",
    month = "11",
    year = "2005"
}

@article{Lambertsen:2016wgj,
    author = "Lambertsen, Martin and Vogelsang, Werner",
    title = "{Drell-Yan lepton angular distributions in perturbative QCD}",
    eprint = "1605.02625",
    archivePrefix = "arXiv",
    primaryClass = "hep-ph",
    doi = "10.1103/PhysRevD.93.114013",
    journal = "Phys. Rev. D",
    volume = "93",
    number = "11",
    pages = "114013",
    year = "2016"
}

@article{Chang:2018pvk,
    author = "Chang, Wen-Chen and McClellan, Randall Evan and Peng, Jen-Chieh and Teryaev, Oleg",
    title = "{Lepton Angular Distributions of Fixed-target Drell-Yan Experiments in Perturbative QCD and a Geometric Approach}",
    eprint = "1811.03256",
    archivePrefix = "arXiv",
    primaryClass = "hep-ph",
    doi = "10.1103/PhysRevD.99.014032",
    journal = "Phys. Rev. D",
    volume = "99",
    number = "1",
    pages = "014032",
    year = "2019"
}

@article{Parsamyan:2019wwd,
    author = "Parsamyan, Bakur",
    collaboration = "COMPASS",
    title = "{Transversely polarized Drell-Yan measurements at COMPASS}",
    eprint = "1908.01727",
    archivePrefix = "arXiv",
    primaryClass = "hep-ex",
    doi = "10.22323/1.352.0195",
    journal = "PoS",
    volume = "DIS2019",
    pages = "195",
    year = "2019"
}

@article{Gautheron:2010wva,
author = "Gautheron, F and others",
collaboration = "COMPASS",
title = "{COMPASS-II Proposal}",
reportNumber = "SPSC-P-340, CERN-SPSC-2010-014",
month = "5",
year = "2010"
}

@article{Signori:2013mda,
    author = "Signori, Andrea and Bacchetta, Alessandro and Radici, Marco and Schnell, Gunar",
    title = "{Investigations into the flavor dependence of partonic transverse momentum}",
    eprint = "1309.3507",
    archivePrefix = "arXiv",
    primaryClass = "hep-ph",
    reportNumber = "NIKHEF-2013-030",
    doi = "10.1007/JHEP11(2013)194",
    journal = "JHEP",
    volume = "11",
    pages = "194",
    year = "2013"
}

@article{Anselmino:2013lza,
    author = "Anselmino, M. and Boglione, M. and Gonzalez Hernandez, J.O. and Melis, S. and Prokudin, A.",
    title = "{Unpolarised Transverse Momentum Dependent Distribution and Fragmentation Functions from SIDIS Multiplicities}",
    eprint = "1312.6261",
    archivePrefix = "arXiv",
    primaryClass = "hep-ph",
    reportNumber = "JLAB-THY-13-1830",
    doi = "10.1007/JHEP04(2014)005",
    journal = "JHEP",
    volume = "04",
    pages = "005",
    year = "2014"
}

@article{Barry:2018ort,
    author = "Barry, P.C. and Sato, N. and Melnitchouk, W. and Ji, Chueng-Ryong",
    title = "{First Monte Carlo Global QCD Analysis of Pion Parton Distributions}",
    eprint = "1804.01965",
    archivePrefix = "arXiv",
    primaryClass = "hep-ph",
    reportNumber = "JLAB-THY-18-2678",
    doi = "10.1103/PhysRevLett.121.152001",
    journal = "Phys. Rev. Lett.",
    volume = "121",
    number = "15",
    pages = "152001",
    year = "2018"
}

@article{Zhu:2008sj,
    author = "Zhu, L.Y. and others",
    collaboration = "NuSea",
    title = "{Measurement of Angular Distributions of Drell-Yan Dimuons in p + p Interactions at 800-GeV/c}",
    eprint = "0811.4589",
    archivePrefix = "arXiv",
    primaryClass = "nucl-ex",
    reportNumber = "FERMILAB-PUB-09-547-E",
    doi = "10.1103/PhysRevLett.102.182001",
    journal = "Phys. Rev. Lett.",
    volume = "102",
    pages = "182001",
    year = "2009"
}

@article{Zhu:2006gx,
    author = "Zhu, L.Y. and others",
    collaboration = "NuSea",
    title = "{Measurement of Angular Distributions of Drell-Yan Dimuons in p + d Interaction at 800-GeV/c}",
    eprint = "hep-ex/0609005",
    archivePrefix = "arXiv",
    reportNumber = "FERMILAB-PUB-07-434",
    doi = "10.1103/PhysRevLett.99.082301",
    journal = "Phys. Rev. Lett.",
    volume = "99",
    pages = "082301",
    year = "2007"
}

@article{Barone:2010gk,
    author = "Barone, Vincenzo and Melis, Stefano and Prokudin, Alexei",
    title = "{Azimuthal asymmetries in unpolarized Drell-Yan processes and the Boer-Mulders distributions of antiquarks}",
    eprint = "1009.3423",
    archivePrefix = "arXiv",
    primaryClass = "hep-ph",
    reportNumber = "JLAB-THY-10-1290",
    doi = "10.1103/PhysRevD.82.114025",
    journal = "Phys. Rev. D",
    volume = "82",
    pages = "114025",
    year = "2010"
}

@article{Anselmino:2009st,
    author = "Anselmino, M. and Boglione, M. and D'Alesio, U. and Melis, S. and Murgia, F. and Prokudin, A.",
    title = "{Sivers effect in Drell-Yan processes}",
    eprint = "0901.3078",
    archivePrefix = "arXiv",
    primaryClass = "hep-ph",
    doi = "10.1103/PhysRevD.79.054010",
    journal = "Phys. Rev. D",
    volume = "79",
    pages = "054010",
    year = "2009"
}

@article{Anselmino:2016uie,
    author = "Anselmino, M. and Boglione, M. and D'Alesio, U. and Murgia, F. and Prokudin, A.",
    title = "{Study of the sign change of the Sivers function from STAR Collaboration W/Z production data}",
    eprint = "1612.06413",
    archivePrefix = "arXiv",
    primaryClass = "hep-ph",
    reportNumber = "JLAB-THY-16-2404",
    doi = "10.1007/JHEP04(2017)046",
    journal = "JHEP",
    volume = "04",
    pages = "046",
    year = "2017"
}

@article{Brodsky:2002rv,
    author = "Brodsky, Stanley J. and Hwang, Dae Sung and Schmidt, Ivan",
    title = "{Initial state interactions and single spin asymmetries in Drell-Yan processes}",
    eprint = "hep-ph/0206259",
    archivePrefix = "arXiv",
    reportNumber = "SLAC-PUB-9271, USM-TH-126",
    doi = "10.1016/S0550-3213(02)00617-X",
    journal = "Nucl. Phys. B",
    volume = "642",
    pages = "344--356",
    year = "2002"
}



@article{Adolph:2012sn,
      author         = "Adolph, C. and others",
      title          = "{Experimental investigation of transverse spin
                        asymmetries in muon-p SIDIS processes: Collins
                        asymmetries}",
      collaboration  = "COMPASS",
      journal        = "Phys. Lett.",
      volume         = "B717",
      year           = "2012",
      pages          = "376-382",
      doi            = "10.1016/j.physletb.2012.09.055",
      eprint         = "1205.5121",
      archivePrefix  = "arXiv",
      primaryClass   = "hep-ex",
      reportNumber   = "CERN-PH-EP-2012-146",
      SLACcitation   = "%%CITATION = ARXIV:1205.5121;%%"
}

@article{Adolph:2012sp,
      author         = "Adolph, C. and others",
      title          = "{II Experimental investigation of transverse spin
                        asymmetries in $\mu$-p SIDIS processes: 
                        Sivers asymmetries}",
      collaboration  = "COMPASS",
      journal        = "Phys. Lett.",
      volume         = "B717",
      year           = "2012",
      pages          = "383-389",
      doi            = "10.1016/j.physletb.2012.09.056",
      eprint         = "1205.5122",
      archivePrefix  = "arXiv",
      primaryClass   = "hep-ex",
      reportNumber   = "CERN-PH-EP-2012-147",
      SLACcitation   = "%%CITATION = ARXIV:1205.5122;%%"
}

@article{Adolph:2014zba,
      author         = "Adolph, C. and others",
      title          = "{Collins and Sivers asymmetries in muonproduction of
                        pions and kaons off transversely polarised protons}",
      collaboration  = "COMPASS",
      journal        = "Phys. Lett.",
      volume         = "B744",
      year           = "2015",
      pages          = "250-259",
      doi            = "10.1016/j.physletb.2015.03.056",
      eprint         = "1408.4405",
      archivePrefix  = "arXiv",
      primaryClass   = "hep-ex",
      reportNumber   = "CERN-PH-EP-2014-213",
      SLACcitation   = "%%CITATION = ARXIV:1408.4405;%%"
}


@article{Metz:2016swz,
    author = "Metz, Andreas and Vossen, Anselm",
    title = "{Parton Fragmentation Functions}",
    eprint = "1607.02521",
    archivePrefix = "arXiv",
    primaryClass = "hep-ex",
    doi = "10.1016/j.ppnp.2016.08.003",
    journal = "Prog. Part. Nucl. Phys.",
    volume = "91",
    pages = "136--202",
    year = "2016"
}

@article{Collins:1981uk,
      author         = "Collins, John C. and Soper, Davison E.",
      title          = "{Back-To-Back Jets in QCD}",
      journal        = "Nucl. Phys.",
      volume         = "B193",
      year           = "1981",
      pages          = "381",
      doi            = "10.1016/0550-3213(81)90339-4",
      note           = "[Erratum: Nucl. Phys.B213,545(1983)]",
      reportNumber   = "OITS-155",
      SLACcitation   = "%%CITATION = NUPHA,B193,381;%%"
}

@Article{Collins:1984kg,
     author    = "Collins, John C. and Soper, Davison E. and Sterman, George
                  ",
     title     = "{Transverse Momentum Distribution in Drell--Yan Pair and W
                  and Z Boson Production}",
     journal   = "Nucl. Phys.",
     volume    = "B250",
     year      = "1985",
     pages     = "199",
     doi       = "10.1016/0550-3213(85)90479-1",
     SLACcitation  = "%%CITATION = NUPHA,B250,199;%%"
}


@article{Qiu:1991pp,
    author = "Qiu, Jian-wei and Sterman, George F.",
    title = "{Single transverse spin asymmetries}",
    reportNumber = "ITP-SB-91-8",
    doi = "10.1103/PhysRevLett.67.2264",
    journal = "Phys. Rev. Lett.",
    volume = "67",
    pages = "2264--2267",
    year = "1991"
}

@article{Ji:2004wu,
      author         = "Ji, Xiangdong and Ma, Jian-ping and Yuan, Feng",
      title          = "{QCD factorization for semi-inclusive deep-inelastic
                        scattering at low transverse momentum}",
      journal        = "Phys. Rev.",
      volume         = "D71",
      year           = "2005",
      pages          = "034005",
      doi            = "10.1103/PhysRevD.71.034005",
      eprint         = "hep-ph/0404183",
      archivePrefix  = "arXiv",
      primaryClass   = "hep-ph",
      reportNumber   = "DOE-ER-40762-308, UM-PP-04-037, UM-PP-#04-037",
      SLACcitation   = "%%CITATION = HEP-PH/0404183;%%"
}



@article{Collins:1992kk,
    author = "Collins, John C.",
    title = "{Fragmentation of transversely polarized quarks probed in transverse momentum distributions}",
    eprint = "hep-ph/9208213",
    archivePrefix = "arXiv",
    reportNumber = "PSU-TH-102",
    doi = "10.1016/0550-3213(93)90262-N",
    journal = "Nucl. Phys. B",
    volume = "396",
    pages = "161--182",
    year = "1993"
}

@Article{Ji:2006br,
     author    = "Ji, Xiangdong and Qiu, Jian-Wei and Vogelsang, Werner and
                  Yuan, Feng",
     title     = "{Single-transverse spin asymmetry in semi-inclusive deep
                  inelastic scattering}",
     journal   = "Phys. Lett.",
     volume    = "B638",
     year      = "2006",
     pages     = "178-186",
     eprint    = "hep-ph/0604128",
     archivePrefix = "arXiv",
     doi       = "10.1016/j.physletb.2006.05.044",
     SLACcitation  = "%%CITATION = HEP-PH/0604128;%%"
}

@Article{Ji:2006vf,
     author    = "Ji, Xiangdong and Qiu, Jian-Wei and Vogelsang, Werner and
                  Yuan, Feng",
     title     = "{Single transverse-spin asymmetry in Drell-Yan production
                  at large and moderate transverse momentum}",
     journal   = "Phys. Rev.",
     volume    = "D73",
     year      = "2006",
     pages     = "094017",
     eprint    = "hep-ph/0604023",
     archivePrefix = "arXiv",
     doi       = "10.1103/PhysRevD.73.094017",
     SLACcitation  = "%%CITATION = HEP-PH/0604023;%%"
}

@article{Aybat:2011ta,
      author         = "Aybat, S. Mert and Prokudin, Alexei and Rogers, Ted C.",
      title          = "{Calculation of TMD Evolution for Transverse Single Spin
                        Asymmetry Measurements}",
      journal        = "Phys. Rev. Lett.",
      volume         = "108",
      year           = "2012",
      pages          = "242003",
      doi            = "10.1103/PhysRevLett.108.242003",
      eprint         = "1112.4423",
      archivePrefix  = "arXiv",
      primaryClass   = "hep-ph",
      reportNumber   = "JLAB-THY-11-1466, NIKHEF-2011-033, YITP-SB-11-48",
      SLACcitation   = "%%CITATION = ARXIV:1112.4423;%%"
}

@article{Ji:2002aa,
    author = "Ji, Xiang-dong and Yuan, Feng",
    title = "{Parton distributions in light cone gauge: Where are the final state interactions?}",
    eprint = "hep-ph/0206057",
    archivePrefix = "arXiv",
    reportNumber = "DOE-ER-40762-258, UM-PP-02-058",
    doi = "10.1016/S0370-2693(02)02384-5",
    journal = "Phys. Lett. B",
    volume = "543",
    pages = "66--72",
    year = "2002"
}


@article{Ma:2013aca,
      author         = "Ma, J. P. and Zhang, G. P.",
      title          = "{QCD Corrections of All Structure Functions in Transverse
                        Momentum Dependent Factorization for Drell-Yan Processes}",
      journal        = "JHEP",
      volume         = "02",
      year           = "2014",
      pages          = "100",
      doi            = "10.1007/JHEP02(2014)100",
      eprint         = "1308.2044",
      archivePrefix  = "arXiv",
      primaryClass   = "hep-ph",
      SLACcitation   = "%%CITATION = ARXIV:1308.2044;%%"
}

@article{Collins:2004nx,
    author = "Collins, John C. and Metz, Andreas",
    title = "{Universality of soft and collinear factors in hard-scattering factorization}",
    eprint = "hep-ph/0408249",
    archivePrefix = "arXiv",
    doi = "10.1103/PhysRevLett.93.252001",
    journal = "Phys. Rev. Lett.",
    volume = "93",
    pages = "252001",
    year = "2004"
}

@article{Sissakian:2005yp,
    author = "Sissakian, A. and Shevchenko, O. and Nagaytsev, A. and Denisov, O. and Ivanov, O.",
    title = "{Transversity and its accompanying T-odd distribution from Drell-Yan processes with pion-proton collisions}",
    eprint = "hep-ph/0512095",
    archivePrefix = "arXiv",
    doi = "10.1140/epjc/s2006-02490-1",
    journal = "Eur. Phys. J. C",
    volume = "46",
    pages = "147--150",
    year = "2006"
}

@article{Metz:2002iz,
    author = "Metz, A.",
    title = "{Gluon-exchange in spin-dependent fragmentation}",
    eprint = "hep-ph/0209054",
    archivePrefix = "arXiv",
    doi = "10.1016/S0370-2693(02)02899-X",
    journal = "Phys. Lett. B",
    volume = "549",
    pages = "139--145",
    year = "2002"
}

@article{Boer:2002ju,
    author = "Boer, Daniel and Brodsky, Stanley J. and Hwang, Dae Sung",
    title = "{Initial state interactions in the unpolarized Drell-Yan process}",
    eprint = "hep-ph/0211110",
    archivePrefix = "arXiv",
    reportNumber = "SLAC-PUB-9561",
    doi = "10.1103/PhysRevD.67.054003",
    journal = "Phys. Rev. D",
    volume = "67",
    pages = "054003",
    year = "2003"
}


@article{Gamberg:2003eg,
    author = "Gamberg, Leonard P. and Goldstein, Gary R. and Oganessyan, Karo A.",
    title = "{A Mechanism for the T odd pion fragmentation function}",
    eprint = "hep-ph/0307139",
    archivePrefix = "arXiv",
    reportNumber = "BK-PSU-HEP-02-03",
    doi = "10.1103/PhysRevD.68.051501",
    journal = "Phys. Rev. D",
    volume = "68",
    pages = "051501",
    year = "2003"
}


@inproceedings{Goldstein:2002vv,
    author = "Goldstein, Gary R. and Gamberg, Leonard",
    title = "{Transversity and meson photoproduction}",
    booktitle = "{31st International Conference on High Energy Physics}",
    eprint = "hep-ph/0209085",
    archivePrefix = "arXiv",
    reportNumber = "TUHEP-TH-02-01",
    pages = "452--454",
    month = "9",
    year = "2002"
}


@article{Gamberg:2003ey,
    author = "Gamberg, Leonard P. and Goldstein, Gary R. and Oganessyan, Karo A.",
    title = "{Novel transversity properties in semiinclusive deep inelastic scattering}",
    eprint = "hep-ph/0301018",
    archivePrefix = "arXiv",
    reportNumber = "BK-PSU-HEP-01-03",
    doi = "10.1103/PhysRevD.67.071504",
    journal = "Phys. Rev. D",
    volume = "67",
    pages = "071504",
    year = "2003"
}



@article{Collins:2016hqq,
      author         = "Collins, J. and Gamberg, L. and Prokudin, A. and Rogers,
                        T. C. and Sato, N. and Wang, B.",
      title          = "{Relating Transverse Momentum Dependent and Collinear
                        Factorization Theorems in a Generalized Formalism}",
      journal        = "Phys. Rev.",
      volume         = "D94",
      year           = "2016",
      number         = "3",
      pages          = "034014",
      doi            = "10.1103/PhysRevD.94.034014",
      eprint         = "1605.00671",
      archivePrefix  = "arXiv",
      primaryClass   = "hep-ph",
      reportNumber   = "JLAB-THY-16-2245",
      SLACcitation   = "%%CITATION = ARXIV:1605.00671;%%"
}

@article{Avakian:2008dz,
    author = "Avakian, H. and Efremov, A.V. and Schweitzer, P. and Yuan, F.",
    title = "{Transverse momentum dependent distribution function 
              $h_{1T}^\perp$ the single spin asymmetry 
              $A_{UT}^{\sin(3\phi-\phi_S)}$}",
    eprint = "0805.3355",
    archivePrefix = "arXiv",
    primaryClass = "hep-ph",
    reportNumber = "JLAB-PHY-08-829",
    doi = "10.1103/PhysRevD.78.114024",
    journal = "Phys. Rev. D",
    volume = "78",
    pages = "114024",
    year = "2008"
}

@article{Lorce:2014hxa,
    author = "Lorc\'e, C. and Pasquini, B. and Schweitzer, P.",
    title = "{Unpolarized transverse momentum dependent parton distribution functions beyond leading twist in quark models}",
    eprint = "1411.2550",
    archivePrefix = "arXiv",
    primaryClass = "hep-ph",
    doi = "10.1007/JHEP01(2015)103",
    journal = "JHEP",
    volume = "01",
    pages = "103",
    year = "2015"
}

@article{Lorce:2016ugb,
    author = "Lorc\'e, C. and Pasquini, B. and Schweitzer, P.",
    title = "{Transverse pion structure beyond leading twist in constituent models}",
    eprint = "1605.00815",
    archivePrefix = "arXiv",
    primaryClass = "hep-ph",
    doi = "10.1140/epjc/s10052-016-4257-8",
    journal = "Eur. Phys. J. C",
    volume = "76",
    number = "7",
    pages = "415",
    year = "2016"
}

@article{Yuan:2003wk,
    author = "Yuan, Feng",
    title = "{Sivers function in the MIT bag model}",
    eprint = "hep-ph/0308157",
    archivePrefix = "arXiv",
    reportNumber = "DOE-ER-40762-286, UM-PP-03-057, UM-PP\#03-057",
    doi = "10.1016/j.physletb.2003.09.052",
    journal = "Phys. Lett. B",
    volume = "575",
    pages = "45--54",
    year = "2003"
}

@article{Lu:2004hu,
    author = "Lu, Zhun and Ma, Bo-Qiang",
    title = "{Non-zero transversity distribution of the pion in a quark-spectator-antiquark model}",
    eprint = "hep-ph/0411043",
    archivePrefix = "arXiv",
    doi = "10.1103/PhysRevD.70.094044",
    journal = "Phys. Rev. D",
    volume = "70",
    pages = "094044",
    year = "2004"
}

@article{Jakob:1997wg,
    author = "Jakob, R. and Mulders, P.J. and Rodrigues, J.",
    title = "{Modeling quark distribution and fragmentation functions}",
    eprint = "hep-ph/9704335",
    archivePrefix = "arXiv",
    reportNumber = "NIKHEF-97-018, VUTH-97-7",
    doi = "10.1016/S0375-9474(97)00588-5",
    journal = "Nucl. Phys. A",
    volume = "626",
    pages = "937--965",
    year = "1997"
}

@article{Gamberg:2009uk,
    author = "Gamberg, Leonard and Schlegel, Marc",
    title = "{Final state interactions and the transverse structure of the pion using non-perturbative eikonal methods}",
    eprint = "0911.1964",
    archivePrefix = "arXiv",
    primaryClass = "hep-ph",
    reportNumber = "INT-PUB-09-056, JLAB-THY-09-1104",
    doi = "10.1016/j.physletb.2009.12.067",
    journal = "Phys. Lett. B",
    volume = "685",
    pages = "95--103",
    year = "2010"
}



@article{Courtoy:2008vi,
    author = "Courtoy, A. and Fratini, F. and Scopetta, S. and Vento, V.",
    title = "{A Quark model analysis of the Sivers function}",
    eprint = "0801.4347",
    archivePrefix = "arXiv",
    primaryClass = "hep-ph",
    doi = "10.1103/PhysRevD.78.034002",
    journal = "Phys. Rev. D",
    volume = "78",
    pages = "034002",
    year = "2008"
}

@article{Brodsky:2002cx,
    author = "Brodsky, Stanley J. and Hwang, Dae Sung and Schmidt, Ivan",
    title = "{Final state interactions and single spin asymmetries in semiinclusive deep inelastic scattering}",
    eprint = "hep-ph/0201296",
    archivePrefix = "arXiv",
    reportNumber = "SLAC-PUB-9135, USM-TH-121",
    doi = "10.1016/S0370-2693(02)01320-5",
    journal = "Phys. Lett. B",
    volume = "530",
    pages = "99--107",
    year = "2002"
}


@article{Courtoy:2008dn,
    author = "Courtoy, A. and Scopetta, S. and Vento, V.",
    title = "{Model calculations of the Sivers function satisfying the Burkardt Sum Rule}",
    eprint = "0811.1191",
    archivePrefix = "arXiv",
    primaryClass = "hep-ph",
    doi = "10.1103/PhysRevD.79.074001",
    journal = "Phys. Rev. D",
    volume = "79",
    pages = "074001",
    year = "2009"
}

@article{Bacchetta:2008af,
    author = "Bacchetta, Alessandro and Conti, Francesco and Radici, Marco",
    title = "{Transverse-momentum distributions in a diquark spectator model}",
    eprint = "0807.0323",
    archivePrefix = "arXiv",
    primaryClass = "hep-ph",
    reportNumber = "JLAB-THY-08-841",
    doi = "10.1103/PhysRevD.78.074010",
    journal = "Phys. Rev. D",
    volume = "78",
    pages = "074010",
    year = "2008"
}

@article{Meyer:1990fr,
    author = "Meyer, H. and Mulders, P.J.",
    title = "{Polarized and unpolarized structure functions in a diquark model for the nucleon}",
    reportNumber = "NIKHEF-P-12",
    doi = "10.1016/0375-9474(91)90252-2",
    journal = "Nucl. Phys. A",
    volume = "528",
    pages = "589--607",
    year = "1991"
}


@article{Adamczyk:2015gyk,
    author = "Adamczyk, L. and others",
    collaboration = "STAR",
    title = "{Measurement of the transverse single-spin asymmetry in $p^\uparrow+p \to W^{\pm}/Z^0$ at RHIC}",
    eprint = "1511.06003",
    archivePrefix = "arXiv",
    primaryClass = "nucl-ex",
    doi = "10.1103/PhysRevLett.116.132301",
    journal = "Phys. Rev. Lett.",
    volume = "116",
    number = "13",
    pages = "132301",
    year = "2016"
}

@article{Adams:2003fx,
    author = "Adams, J. and others",
    collaboration = "STAR",
    title = "{Cross-sections and transverse single spin asymmetries in forward neutral pion production from proton collisions at $\sqrt{s} = 200$  GeV}",
    eprint = "hep-ex/0310058",
    archivePrefix = "arXiv",
    reportNumber = "NONUM-198439",
    doi = "10.1103/PhysRevLett.92.171801",
    journal = "Phys. Rev. Lett.",
    volume = "92",
    pages = "171801",
    year = "2004"
}

@article{Abelev:2008af,
    author = "Abelev, B.I. and others",
    collaboration = "STAR",
    title = "{Forward Neutral Pion Transverse Single Spin Asymmetries in p+p Collisions at $\sqrt{s} = 200$ GeV}",
    eprint = "0801.2990",
    archivePrefix = "arXiv",
    primaryClass = "hep-ex",
    doi = "10.1103/PhysRevLett.101.222001",
    journal = "Phys. Rev. Lett.",
    volume = "101",
    pages = "222001",
    year = "2008"
}

@article{Adamczyk:2012xd,
    author = "Adamczyk, L. and others",
    collaboration = "STAR",
    title = "{Transverse Single-Spin Asymmetry and Cross-Section for $\pi^0$ and $\eta$ Mesons at Large Feynman-$x$ in Polarized $p+p$ Collisions at $\sqrt{s}=200$ GeV}",
    eprint = "1205.6826",
    archivePrefix = "arXiv",
    primaryClass = "nucl-ex",
    doi = "10.1103/PhysRevD.86.051101",
    journal = "Phys. Rev. D",
    volume = "86",
    pages = "051101",
    year = "2012"
}

@article{Gluck:1991ey,
    author = "Glück, M. and Reya, E. and Vogt, A.",
    title = "{Pionic parton distributions}",
    reportNumber = "DO-TH-91-16",
    doi = "10.1007/BF01559743",
    journal = "Z. Phys. C",
    volume = "53",
    pages = "651--656",
    year = "1992"
}

@article{Harland-Lang:2014zoa,
    author = "Harland-Lang, L.A. and Martin, A.D. and Motylinski, P. and Thorne, R.S.",
    title = "{Parton distributions in the LHC era: MMHT 2014 PDFs}",
    eprint = "1412.3989",
    archivePrefix = "arXiv",
    primaryClass = "hep-ph",
    reportNumber = "LCTS-2014-47, IPPP-14-97, DCPT-14-194",
    doi = "10.1140/epjc/s10052-015-3397-6",
    journal = "Eur. Phys. J. C",
    volume = "75",
    number = "5",
    pages = "204",
    year = "2015"
}

@article{Dulat:2015mca,
    author = "Dulat, Sayipjamal and Hou, Tie-Jiun and Gao, Jun and Guzzi, Marco and Huston, Joey and Nadolsky, Pavel and Pumplin, Jon and Schmidt, Carl and Stump, Daniel and Yuan, C.P.",
    title = "{New parton distribution functions from a global analysis of quantum chromodynamics}",
    eprint = "1506.07443",
    archivePrefix = "arXiv",
    primaryClass = "hep-ph",
    doi = "10.1103/PhysRevD.93.033006",
    journal = "Phys. Rev. D",
    volume = "93",
    number = "3",
    pages = "033006",
    year = "2016"
}

@article{Gluck:1999xe,
    author = "Glück, M. and Reya, E. and Schienbein, I.",
    title = "{Pionic parton distributions revisited}",
    eprint = "hep-ph/9903288",
    archivePrefix = "arXiv",
    reportNumber = "DO-TH-99-01",
    doi = "10.1007/s100529900124",
    journal = "Eur. Phys. J. C",
    volume = "10",
    pages = "313--317",
    year = "1999"
}

@article{Aicher:2010cb,
    author = "Aicher, Matthias and Schafer, Andreas and Vogelsang, Werner",
    title = "{Soft-gluon resummation and the valence parton distribution function of the pion}",
    eprint = "1009.2481",
    archivePrefix = "arXiv",
    primaryClass = "hep-ph",
    doi = "10.1103/PhysRevLett.105.252003",
    journal = "Phys. Rev. Lett.",
    volume = "105",
    pages = "252003",
    year = "2010"
}

@article{Wang:2017zym,
    author = "Wang, Xiaoyu and Lu, Zhun and Schmidt, Ivan",
    title = "{Transverse momentum spectrum of dilepton pair in the unpolarized $\pi^-N$ Drell-Yan process within TMD factorization}",
    eprint = "1707.05207",
    archivePrefix = "arXiv",
    primaryClass = "hep-ph",
    doi = "10.1007/JHEP08(2017)137",
    journal = "JHEP",
    volume = "08",
    pages = "137",
    year = "2017"
}

@article{Engelhardt:2015xja,
    author = "Engelhardt, M. and Hägler, P. and Musch, B. and Negee, J. and Schäfer, A.",
    title = "{Lattice QCD study of the Boer-Mulders effect in a pion}",
    eprint = "1506.07826",
    archivePrefix = "arXiv",
    primaryClass = "hep-lat",
    doi = "10.1103/PhysRevD.93.054501",
    journal = "Phys. Rev. D",
    volume = "93",
    number = "5",
    pages = "054501",
    year = "2016"
}


@article{Noguera:2015iia,
    author = "Noguera, Santiago and Scopetta, Sergio",
    title = "{Pion transverse momentum dependent parton distributions in the Nambu and Jona-Lasinio model}",
    eprint = "1508.01061",
    archivePrefix = "arXiv",
    primaryClass = "hep-ph",
    doi = "10.1007/JHEP11(2015)102",
    journal = "JHEP",
    volume = "11",
    pages = "102",
    year = "2015"
}

@article{Broniowski:2017gfp,
    author = "Broniowski, Wojciech and Ruiz Arriola, Enrique",
    title = "{Partonic quasidistributions of the proton and pion from transverse-momentum distributions}",
    eprint = "1711.03377",
    archivePrefix = "arXiv",
    primaryClass = "hep-ph",
    doi = "10.1103/PhysRevD.97.034031",
    journal = "Phys. Rev. D",
    volume = "97",
    number = "3",
    pages = "034031",
    year = "2018"
}

@article{Bacchetta:2017vzh,
    author = "Bacchetta, Alessandro and Cotogno, Sabrina and Pasquini, Barbara",
    title = "{The transverse structure of the pion in momentum space inspired by the AdS/QCD correspondence}",
    eprint = "1703.07669",
    archivePrefix = "arXiv",
    primaryClass = "hep-ph",
    doi = "10.1016/j.physletb.2017.05.072",
    journal = "Phys. Lett. B",
    volume = "771",
    pages = "546--552",
    year = "2017"
}

@article{Adolph:2016dvl, author = "Adolph, C and others", title = "{Sivers asymmetry extracted in SIDIS at the hard scales of the Drell?Yan process at COMPASS}", collaboration = "COMPASS", journal = "Phys. Lett.", volume = "B770", year = "2017", pages = "138-145", doi = "10.1016/j.physletb.2017.04.042", eprint = "1609.07374", archivePrefix = "arXiv", primaryClass = "hep-ex", reportNumber = "CERN-EP-2016-250, CERN-EP-2016--250", SLACcitation = "%%CITATION = ARXIV:1609.07374;%%" }

 @article{Christenson:1970um,
    author = "Christenson, J.H. and Hicks, G.S. and Lederman, L.M. and Limon, P.J. and Pope, B.G. and Zavattini, E.",
    title = "{Observation of massive muon pairs in hadron collisions}",
    doi = "10.1103/PhysRevLett.25.1523",
    journal = "Phys. Rev. Lett.",
    volume = "25",
    pages = "1523--1526",
    year = "1970"
}

@article{Drell:1970wh,
    author = "Drell, S.D. and Yan, Tung-Mow",
    title = "{Massive Lepton Pair Production in Hadron-Hadron Collisions at High-Energies}",
    reportNumber = "SLAC-PUB-0755",
    doi = "10.1103/PhysRevLett.25.316",
    journal = "Phys. Rev. Lett.",
    volume = "25",
    pages = "316--320",
    year = "1970",
    note = "[Erratum: Phys.Rev.Lett. 25, 902 (1970)]"
}

@article{Arnold:2008kf,
      author         = "Arnold, S. and Metz, A. and Schlegel, M.",
      title          = "{Dilepton production from polarized hadron hadron
                        collisions}",
      journal        = "Phys. Rev.",
      volume         = "D79",
      year           = "2009",
      pages          = "034005",
      doi            = "10.1103/PhysRevD.79.034005",
      eprint         = "0809.2262",
      archivePrefix  = "arXiv",
      primaryClass   = "hep-ph",
      reportNumber   = "JLAB-THY-08-877",
      SLACcitation   = "%%CITATION = ARXIV:0809.2262;%%"
}

@article{Bastami:2018xqd,
      author         = "Bastami, S. and others",
      title          = "{Semi-Inclusive Deep Inelastic Scattering in
                        Wandzura-Wilczek-type approximation}",
      journal        = "JHEP",
      volume         = "06",
      year           = "2019",
      pages          = "007",
      doi            = "10.1007/JHEP06(2019)007",
      eprint         = "1807.10606",
      archivePrefix  = "arXiv",
      primaryClass   = "hep-ph",
      reportNumber   = "JLAB-THY-18-2775",
      SLACcitation   = "%%CITATION = ARXIV:1807.10606;%%"
}

@article{Efremov:2004tp,
    author = "Efremov, A.V. and Goeke, K. and Menzel, S. and Metz, A. and Schweitzer, P.",
    title = "{Sivers effect in semi-inclusive DIS and in the Drell-Yan process}",
    eprint = "hep-ph/0412353",
    archivePrefix = "arXiv",
    reportNumber = "RUB-TPII-15-04",
    doi = "10.1016/j.physletb.2005.03.010",
    journal = "Phys. Lett. B",
    volume = "612",
    pages = "233--244",
    year = "2005"
}

@article{Collins:2005rq,
    author = "Collins, J.C. and Efremov, A.V. and Goeke, K. and Grosse Perdekamp, M. and Menzel, S. and Meredith, B. and Metz, A. and Schweitzer, P.",
    title = "{Sivers effect in Drell Yan at RHIC}",
    eprint = "hep-ph/0511272",
    archivePrefix = "arXiv",
    doi = "10.1103/PhysRevD.73.094023",
    journal = "Phys. Rev. D",
    volume = "73",
    pages = "094023",
    year = "2006"
}

@article{Pasquini:2008ax,
      author         = "Pasquini, B. and Cazzaniga, S. and Boffi, S.",
      title          = "{Transverse momentum dependent parton distributions in a
                        light-cone quark model}",
      journal        = "Phys. Rev.",
      volume         = "D78",
      year           = "2008",
      pages          = "034025",
      doi            = "10.1103/PhysRevD.78.034025",
      eprint         = "0806.2298",
      archivePrefix  = "arXiv",
      primaryClass   = "hep-ph",
      SLACcitation   = "%%CITATION = ARXIV:0806.2298;%%"
}

@article{Boffi:2009sh,
      author         = "Boffi, S. and Efremov, A. V. and Pasquini, B. and
                        Schweitzer, P.",
      title          = "{Azimuthal spin asymmetries in light-cone constituent
                        quark models}",
      journal        = "Phys. Rev.",
      volume         = "D79",
      year           = "2009",
      pages          = "094012",
      doi            = "10.1103/PhysRevD.79.094012",
      eprint         = "0903.1271",
      archivePrefix  = "arXiv",
      primaryClass   = "hep-ph",
      SLACcitation   = "%%CITATION = ARXIV:0903.1271;%%"
}

@article{Pasquini:2010af,
    author = "Pasquini, Barbara and Yuan, Feng",
    title = "{Sivers and Boer-Mulders functions in Light-Cone Quark Models}",
    eprint = "1001.5398",
    archivePrefix = "arXiv",
    primaryClass = "hep-ph",
    doi = "10.1103/PhysRevD.81.114013",
    journal = "Phys. Rev. D",
    volume = "81",
    pages = "114013",
    year = "2010"
}

@article{Pasquini:2011tk,
      author         = "Pasquini, B. and Schweitzer, P.",
      title          = "{Naive time-reversal odd phenomena in semi-inclusive
                        deep-inelastic scattering from light-cone constituent
                        quark models}",
      journal        = "Phys. Rev.",
      volume         = "D83",
      year           = "2011",
      pages          = "114044",
      doi            = "10.1103/PhysRevD.83.114044",
      eprint         = "1103.5977",
      archivePrefix  = "arXiv",
      primaryClass   = "hep-ph",
      SLACcitation   = "%%CITATION = ARXIV:1103.5977;%%"
}
@article{Lorce:2011dv,
    author = "Lorc\'e, Cedric and Pasquini, Barbara and Vanderhaeghen, Marc",
    title = "{Unified framework for generalized and transverse-momentum dependent parton distributions within a 3Q light-cone picture of the nucleon}",
    eprint = "1102.4704",
    archivePrefix = "arXiv",
    primaryClass = "hep-ph",
    doi = "10.1007/JHEP05(2011)041",
    journal = "JHEP",
    volume = "05",
    pages = "041",
    year = "2011"
}§
@article{Pasquini:2014ppa,
      author         = "Pasquini, B. and Schweitzer, P.",
      title          = "{Pion transverse momentum dependent parton distributions
                        in a light-front constituent approach, and the
                        Boer-Mulders effect in the pion-induced Drell-Yan
                        process}",
      journal        = "Phys. Rev.",
      volume         = "D90",
      year           = "2014",
      number         = "1",
      pages          = "014050",
      doi            = "10.1103/PhysRevD.90.014050",
      eprint         = "1406.2056",
      archivePrefix  = "arXiv",
      primaryClass   = "hep-ph",
      SLACcitation   = "%%CITATION = ARXIV:1406.2056;%%"
}

@article{Gamberg:2005ip,
    author = "Gamberg, Leonard P. and Goldstein, Gary R.",
    title = "{T-odd effects in unpolarized Drell-Yan scattering}",
    eprint = "hep-ph/0506127",
    archivePrefix = "arXiv",
    doi = "10.1016/j.physletb.2007.05.043",
    journal = "Phys. Lett. B",
    volume = "650",
    pages = "362--368",
    year = "2007"
}

@article{Gamberg:2007wm,
      author         = "Gamberg, Leonard P. and Goldstein, Gary R. and Schlegel,
                        Marc",
      title          = "{Transverse Quark Spin Effects and the Flavor Dependence
                        of the Boer-Mulders Function}",
      journal        = "Phys. Rev.",
      volume         = "D77",
      year           = "2008",
      pages          = "094016",
      doi            = "10.1103/PhysRevD.77.094016",
      eprint         = "0708.0324",
      archivePrefix  = "arXiv",
      primaryClass   = "hep-ph",
      reportNumber   = "JLAB-THY-07-694",
      SLACcitation   = "%%CITATION = ARXIV:0708.0324;%%"
}

@article{DAlesio:2004eso,
      author         = "D'Alesio, Umberto and Murgia, Francesco",
      title          = "{Parton intrinsic motion in inclusive particle
                        production: Unpolarized cross sections, single spin
                        asymmetries and the Sivers effect}",
      journal        = "Phys. Rev.",
      volume         = "D70",
      year           = "2004",
      pages          = "074009",
      doi            = "10.1103/PhysRevD.70.074009",
      eprint         = "hep-ph/0408092",
      archivePrefix  = "arXiv",
      primaryClass   = "hep-ph",
      SLACcitation   = "%%CITATION = HEP-PH/0408092;%%"
}

@article{Schweitzer:2010tt,
      author         = "Schweitzer, P. and Teckentrup, T. and Metz, A.",
      title          = "{Intrinsic transverse parton momenta in deeply inelastic
                        reactions}",
      journal        = "Phys. Rev.",
      volume         = "D81",
      year           = "2010",
      pages          = "094019",
      doi            = "10.1103/PhysRevD.81.094019",
      eprint         = "1003.2190",
      archivePrefix  = "arXiv",
      primaryClass   = "hep-ph",
      SLACcitation   = "%%CITATION = ARXIV:1003.2190;%%"
}

@article{Schweitzer:2012hh,
      author         = "Schweitzer, P. and Strikman, M. and Weiss, C.",
      title          = "{Intrinsic transverse momentum and parton correlations
                        from dynamical chiral symmetry breaking}",
      journal        = "JHEP",
      volume         = "01",
      year           = "2013",
      pages          = "163",
      doi            = "10.1007/JHEP01(2013)163",
      eprint         = "1210.1267",
      archivePrefix  = "arXiv",
      primaryClass   = "hep-ph",
      reportNumber   = "JLAB-THY-12-1641",
      SLACcitation   = "%%CITATION = ARXIV:1210.1267;%%"
}

@article{Bacchetta:2017gcc,
      author         = "Bacchetta, Alessandro and Delcarro, Filippo and Pisano,
                        Cristian and Radici, Marco and Signori, Andrea",
      title          = "{Extraction of partonic transverse momentum distributions
                        from semi-inclusive deep-inelastic scattering, Drell-Yan
                        and Z-boson production}",
      journal        = "JHEP",
      volume         = "06",
      year           = "2017",
      pages          = "081",
      doi            = "10.1007/JHEP06(2017)081, 10.1007/JHEP06(2019)051",
      note           = "[Erratum: JHEP06,051(2019)]",
      eprint         = "1703.10157",
      archivePrefix  = "arXiv",
      primaryClass   = "hep-ph",
      reportNumber   = "JLAB-THY-17-2437",
      SLACcitation   = "%%CITATION = ARXIV:1703.10157;%%"
}


@article{Martin:2009iq,
      author         = "Martin, A. D. and Stirling, W. J. and Thorne, R. S. and
                        Watt, G.",
      title          = "{Parton distributions for the LHC}",
      journal        = "Eur. Phys. J.",
      volume         = "C63",
      year           = "2009",
      pages          = "189-285",
      doi            = "10.1140/epjc/s10052-009-1072-5",
      eprint         = "0901.0002",
      archivePrefix  = "arXiv",
      primaryClass   = "hep-ph",
      reportNumber   = "IPPP-08-95, DCPT-08-190, CAVENDISH-HEP-08-16",
      SLACcitation   = "%%CITATION = ARXIV:0901.0002;%%"
}


@article{Sutton:1991ay,
      author         = "Sutton, P. J. and Martin, Alan D. and Roberts, R. G. and
                        Stirling, W. James",
      title          = "{Parton distributions for the pion extracted from
                        Drell-Yan and prompt photon experiments}",
      journal        = "Phys. Rev.",
      volume         = "D45",
      year           = "1992",
      pages          = "2349-2359",
      doi            = "10.1103/PhysRevD.45.2349",
      reportNumber   = "DTP-91-46, RAL-91-058",
      SLACcitation   = "%%CITATION = PHRVA,D45,2349;%%"
}


@inproceedings{Anselmino:2011gs,
      author         = "Anselmino, M. and Boglione, M. and D'Alesio, U. and
                        Melis, S. and Murgia, F. and Prokudin, A.",
      title          = "{Sivers Distribution Functions and the Latest SIDIS
                        Data}",
      booktitle      = "{19th International Workshop on Deep-Inelastic Scattering
                        and Related Subjects (DIS 2011) Newport News, Virginia,
                        April 11-15, 2011}",
      url            = "http://www1.jlab.org/Ul/publications/view_pub.cfm?pub_id=11722",
      year           = "2011",
      eprint         = "1107.4446",
      archivePrefix  = "arXiv",
      primaryClass   = "hep-ph",
      reportNumber   = "JLAB-THY-11-1419",
      SLACcitation   = "%%CITATION = ARXIV:1107.4446;%%"
}

@article{Ceccopieri:2018nop,
    author = "Ceccopieri, Federico Alberto and Courtoy, Aurore and Noguera, Santiago and Scopetta, Sergio",
    archivePrefix = "arXiv",
    doi = "10.1140/epjc/s10052-018-6115-3",
    eprint = "1801.07682",
    journal = "Eur.\ Phys.\ J.\ C",
    number = "8",
    pages = "644",
    primaryClass = "hep-ph",
    title = "{Pion nucleus Drell--Yan process and parton transverse momentum in the pion}",
    volume = "78",
    year = "2018"
}

@article{Vladimirov:2019bfa,
    author = "Vladimirov, Alexey",
    archivePrefix = "arXiv",
    doi = "10.1007/JHEP10(2019)090",
    eprint = "1907.10356",
    journal = "JHEP",
    pages = "090",
    primaryClass = "hep-ph",
    title = "{Pion-induced Drell-Yan processes within TMD factorization}",
    volume = "10",
    year = "2019"
}

@article{Collins:2002kn,
    author = "Collins, John C.",
    title = "{Leading twist single transverse-spin asymmetries: Drell-Yan and deep inelastic scattering}",
    eprint = "hep-ph/0204004",
    archivePrefix = "arXiv",
    doi = "10.1016/S0370-2693(02)01819-1",
    journal = "Phys. Lett. B",
    volume = "536",
    pages = "43--48",
    year = "2002"
}

@article{Collins:2017oxh,
    author = "Collins, John and Rogers, Ted C.",
    title = "{Connecting Different TMD Factorization Formalisms in QCD}",
    eprint = "1705.07167",
    archivePrefix = "arXiv",
    primaryClass = "hep-ph",
    reportNumber = "JLAB-THY-17-2470",
    doi = "10.1103/PhysRevD.96.054011",
    journal = "Phys. Rev. D",
    volume = "96",
    number = "5",
    pages = "054011",
    year = "2017"
}



@article{Collins:2014jpa,
    author = "Collins, John and Rogers, Ted",
    archivePrefix = "arXiv",
    doi = "10.1103/PhysRevD.91.074020",
    eprint = "1412.3820",
    journal = "Phys.\ Rev.\ D",
    number = "7",
    pages = "074020",
    primaryClass = "hep-ph",
    reportNumber = "YITP-WSB-14-45, JLAB-THY-15-2001",
    title = "{Understanding the large-distance behavior of transverse-momentum-dependent parton densities and the Collins-Soper evolution kernel}",
    volume = "91",
    year = "2015"
}

@article{Wang:2018pmx,
    author = "Wang, Xiaoyu and Lu, Zhun",
    archivePrefix = "arXiv",
    doi = "10.1103/PhysRevD.97.054005",
    eprint = "1801.00660",
    journal = "Phys.\ Rev.\ D",
    number = "5",
    pages = "054005",
    primaryClass = "hep-ph",
    title = "{Sivers asymmetry in the pion induced Drell-Yan process at COMPASS within transverse momentum dependent factorization}",
    volume = "97",
    year = "2018"
}

@article{Wang:2018naw,
    author = "Wang, Xiaoyu and Mao, Wenjuan and Lu, Zhun",
    archivePrefix = "arXiv",
    doi = "10.1140/epjc/s10052-018-6114-4",
    eprint = "1805.03017",
    journal = "Eur.\ Phys.\ J.\ C",
    number = "8",
    pages = "643",
    primaryClass = "hep-ph",
    title = "{Boer-Mulders effect in the unpolarized pion induced Drell--Yan process at COMPASS within TMD factorization}",
    volume = "78",
    year = "2018"
}

@article{Li:2019uhj,
    author = "Li, Hui and Wang, Xiaoyu and Lu, Zhun",
    archivePrefix = "arXiv",
    doi = "10.1103/PhysRevD.101.054013",
    eprint = "1907.07095",
    journal = "Phys.\ Rev.\ D",
    number = "5",
    pages = "054013",
    primaryClass = "hep-ph",
    title = "{$\sin (2\phi-\phi_S)$ azimuthal asymmetry in the pion induced Drell-Yan process within TMD factorization}",
    volume = "101",
    year = "2020"
}

@article{Gamberg:2008yt,
    author = "Gamberg, L.P. and Mukherjee, A. and Mulders, P.J.",
    title = "{Spectral analysis of gluonic pole matrix elements for fragmentation}",
    eprint = "0803.2632",
    archivePrefix = "arXiv",
    primaryClass = "hep-ph",
    doi = "10.1103/PhysRevD.77.114026",
    journal = "Phys. Rev. D",
    volume = "77",
    pages = "114026",
    year = "2008"
}


@book{Collins:2011zzd,
    author = "Collins, John",
    isbn = "978-1-107-64525-7, 978-1-107-64525-7, 978-0-521-85533-4, 978-1-139-09782-6",
    month = "11",
    publisher = "Cambridge University Press",
    title = "{Foundations of perturbative QCD}",
    volume = "32",
    year = "2013"
}

@article{Anselmino:2005nn,
    author = "Anselmino, M. and Boglione, M. and D'Alesio, U. and Kotzinian, A. and Murgia, F. and Prokudin, A.",
    title = "{The Role of Cahn and sivers effects in deep inelastic scattering}",
    eprint = "hep-ph/0501196",
    archivePrefix = "arXiv",
    doi = "10.1103/PhysRevD.71.074006",
    journal = "Phys. Rev. D",
    volume = "71",
    pages = "074006",
    year = "2005"
}


@article{Anselmino:2013vqa,
      author         = "Anselmino, M. and Boglione, M. and D'Alesio, U. and
                        Melis, S. and Murgia, F. and Prokudin, A.",
      title          = "{Simultaneous extraction of transversity and Collins
                        functions from new SIDIS and e+e- data}",
      journal        = "Phys. Rev.",
      volume         = "D87",
      year           = "2013",
      pages          = "094019",
      doi            = "10.1103/PhysRevD.87.094019",
      eprint         = "1303.3822",
      archivePrefix  = "arXiv",
      primaryClass   = "hep-ph",
      reportNumber   = "JLAB-THY-13-1704",
      SLACcitation   = "%%CITATION = ARXIV:1303.3822;%%"
}


@article{Barone:2009hw,
      author         = "Barone, Vincenzo and Melis, Stefano and Prokudin, Alexei",
      title          = "{The Boer-Mulders effect in unpolarized SIDIS: An
                        Analysis of the COMPASS and HERMES data on the cos 2 phi
                        asymmetry}",
      journal        = "Phys. Rev.",
      volume         = "D81",
      year           = "2010",
      pages          = "114026",
      doi            = "10.1103/PhysRevD.81.114026",
      eprint         = "0912.5194",
      archivePrefix  = "arXiv",
      primaryClass   = "hep-ph",
      reportNumber   = "JLAB-THY-09-1121",
      SLACcitation   = "%%CITATION = ARXIV:0912.5194;%%"
}


@article{Lefky:2014eia,
      author         = "Lefky, Christopher and Prokudin, Alexei",
      title          = "{Extraction of the distribution function $h^{\perp}_{1T}$
                        from experimental data}",
      journal        = "Phys. Rev.",
      volume         = "D91",
      year           = "2015",
      number         = "3",
      pages          = "034010",
      doi            = "10.1103/PhysRevD.91.034010",
      eprint         = "1411.0580",
      archivePrefix  = "arXiv",
      primaryClass   = "hep-ph",
      reportNumber   = "JLAB-THY-14-1885",
      SLACcitation   = "%%CITATION = ARXIV:1411.0580;%%"
}


@article{Aghasyan:2017jop,
      author         = "Aghasyan, M. and others",
      title          = "{First measurement of transverse-spin-dependent azimuthal
                        asymmetries in the Drell-Yan process}",
      collaboration  = "COMPASS",
      journal        = "Phys. Rev. Lett.",
      volume         = "119",
      year           = "2017",
      number         = "11",
      pages          = "112002",
      doi            = "10.1103/PhysRevLett.119.112002",
      eprint         = "1704.00488",
      archivePrefix  = "arXiv",
      primaryClass   = "hep-ex",
      reportNumber   = "CERN-EP-2017-059",
      SLACcitation   = "%%CITATION = ARXIV:1704.00488;%%"
}

@article{Scimemi:2018xaf,
      author         = "Scimemi, Ignazio and Vladimirov, Alexey",
      title          = "{Systematic analysis of double-scale evolution}",
      journal        = "JHEP",
      volume         = "08",
      year           = "2018",
      pages          = "003",
      doi            = "10.1007/JHEP08(2018)003",
      eprint         = "1803.11089",
      archivePrefix  = "arXiv",
      primaryClass   = "hep-ph",
      SLACcitation   = "%%CITATION = ARXIV:1803.11089;%%"
}

@article{Gluck:1991ng,
      author         = "Gluck, M. and Reya, E. and Vogt, A.",
      title          = "{Parton distributions for high-energy collisions}",
      journal        = "Z. Phys.",
      volume         = "C53",
      year           = "1992",
      pages          = "127-134",
      doi            = "10.1007/BF01483880",
      reportNumber   = "DO-TH-91-07",
      SLACcitation   = "%%CITATION = ZEPYA,C53,127;%%"
}

@article{Gluck:1994uf,
      author         = "Gluck, M. and Reya, E. and Vogt, A.",
      title          = "{Dynamical parton distributions of the proton and small x
                        physics}",
      journal        = "Z. Phys.",
      volume         = "C67",
      year           = "1995",
      pages          = "433-448",
      doi            = "10.1007/BF01624586",
      reportNumber   = "DO-TH-94-24, DESY-94-206",
      SLACcitation   = "%%CITATION = ZEPYA,C67,433;%%"
}

@article{Gluck:1998xa,
      author         = "Gluck, M. and Reya, E. and Vogt, A.",
      title          = "{Dynamical parton distributions revisited}",
      journal        = "Eur. Phys. J.",
      volume         = "C5",
      year           = "1998",
      pages          = "461-470",
      doi            = "10.1007/s100529800978, 10.1007/s100520050289",
      eprint         = "hep-ph/9806404",
      archivePrefix  = "arXiv",
      primaryClass   = "hep-ph",
      reportNumber   = "DO-TH-98-07, WUE-ITP-98-019",
      SLACcitation   = "%%CITATION = HEP-PH/9806404;%%"
}

@article{Altarelli:1979ub,
    author = "Altarelli, Guido and Ellis, R.Keith and Martinelli, G.",
    title = "{Large Perturbative Corrections to the Drell-Yan Process in QCD}",
    reportNumber = "MIT-CTP-776",
    doi = "10.1016/0550-3213(79)90116-0",
    journal = "Nucl. Phys. B",
    volume = "157",
    pages = "461--497",
    year = "1979"
}

@article{Peng:2014hta,
    author = "Peng, Jen-Chieh and Qiu, Jian-Wei",
    title = "{Novel phenomenology of parton distributions from the Drell--Yan process}",
    eprint = "1401.0934",
    archivePrefix = "arXiv",
    primaryClass = "hep-ph",
    doi = "10.1016/j.ppnp.2014.01.005",
    journal = "Prog. Part. Nucl. Phys.",
    volume = "76",
    pages = "43--75",
    year = "2014"
}

@article{Ratcliffe:1982yj,
    author = "Ratcliffe, P.",
    title = "{Radiative Corrections to the Helicity Asymmetries for the Drell-Yan Process in QCD}",
    reportNumber = "SISSA-24/82/EP",
    doi = "10.1016/0550-3213(83)90091-3",
    journal = "Nucl. Phys. B",
    volume = "223",
    pages = "45--60",
    year = "1983"
}

@article{Weber:1991wd,
    author = "Weber, Alexander",
    title = "{Soft gluon resummations for polarized Drell-Yan dimuon production}",
    reportNumber = "DO-TH-91-14-REV, DO-TH-91-14",
    doi = "10.1016/0550-3213(92)90079-Q",
    journal = "Nucl. Phys. B",
    volume = "382",
    pages = "63--96",
    year = "1992"
}

@article{Contogouris:1994ws,
    author = "Contogouris, A.P. and Kamal, B. and Merebashvili, Z.",
    title = "{One loop corrections to lepton pair production by transversely polarized hadrons}",
    reportNumber = "MCGILL-94-5",
    doi = "10.1016/0370-2693(94)91463-X",
    journal = "Phys. Lett. B",
    volume = "337",
    pages = "169--175",
    year = "1994"
}

@article{Vogelsang:1992jn,
    author = "Vogelsang, W. and Weber, A.",
    title = "{Drell-Yan dimuon production with transversely polarized protons}",
    reportNumber = "DO-TH-92-26",
    doi = "10.1103/PhysRevD.48.2073",
    journal = "Phys. Rev. D",
    volume = "48",
    pages = "2073--2082",
    year = "1993"
}

@article{Gehrmann:1997pi,
    author = "Gehrmann, T.",
    title = "{QCD corrections to the longitudinally polarized Drell-Yan process}",
    eprint = "hep-ph/9702263",
    archivePrefix = "arXiv",
    reportNumber = "DESY-97-014",
    doi = "10.1016/S0550-3213(97)00271-X",
    journal = "Nucl. Phys. B",
    volume = "498",
    pages = "245--266",
    year = "1997"
}

@article{Shimizu:2005fp,
    author = "Shimizu, Hirotaka and Sterman, George F. and Vogelsang, Werner and Yokoya, Hiroshi",
    title = "{Dilepton production near partonic threshold in transversely polarized proton-antiproton collisions}",
    eprint = "hep-ph/0503270",
    archivePrefix = "arXiv",
    reportNumber = "BNL-NT-05-9, HUPD-0503, RBRC-487, YITP-SB-05-07",
    doi = "10.1103/PhysRevD.71.114007",
    journal = "Phys. Rev. D",
    volume = "71",
    pages = "114007",
    year = "2005"
}

@article{Bunce:2000uv,
    author = "Bunce, Gerry and Saito, Naohito and Soffer, Jacques and Vogelsang, Werner",
    title = "{Prospects for spin physics at RHIC}",
    eprint = "hep-ph/0007218",
    archivePrefix = "arXiv",
    reportNumber = "YITP-SB-00-34",
    doi = "10.1146/annurev.nucl.50.1.525",
    journal = "Ann. Rev. Nucl. Part. Sci.",
    volume = "50",
    pages = "525--575",
    year = "2000"
}
@article{Cammarota:2020qcw,
    author = "Cammarota, Justin and Gamberg, Leonard and Kang, Zhong-Bo and Miller, Joshua A. and Pitonyak, Daniel and Prokudin, Alexei and Rogers, Ted C. and Sato, Nobuo",
    collaboration = "Jefferson Lab Angular Momentum",
    title = "{Origin of single transverse-spin asymmetries in high-energy collisions}",
    eprint = "2002.08384",
    archivePrefix = "arXiv",
    primaryClass = "hep-ph",
    reportNumber = "JLAB-THY-20-3151",
    doi = "10.1103/PhysRevD.102.054002",
    journal = "Phys. Rev. D",
    volume = "102",
    number = "5",
    pages = "054002",
    year = "2020"
}
@article{Avakian:2010br,
      author         = "Avakian, H. and Efremov, A. V. and Schweitzer, P. and
                        Yuan, F.",
      title          = "{The transverse momentum dependent distribution functions
                        in the bag model}",
      journal        = "Phys. Rev.",
      volume         = "D81",
      year           = "2010",
      pages          = "074035",
      doi            = "10.1103/PhysRevD.81.074035",
      eprint         = "1001.5467",
      archivePrefix  = "arXiv",
      primaryClass   = "hep-ph",
      reportNumber   = "JLAB-PHY-10-1154",
      SLACcitation   = "%%CITATION = ARXIV:1001.5467;%%"
}

@article{Efremov:2010mt,
      author         = "Efremov, A. V. and Schweitzer, P. and Teryaev, O. V. and
                        Zavada, P.",
      title          = "{The relation between TMDs and PDFs in the covariant
                        parton model approach}",
      journal        = "Phys. Rev.",
      volume         = "D83",
      year           = "2011",
      pages          = "054025",
      doi            = "10.1103/PhysRevD.83.054025",
      eprint         = "1012.5296",
      archivePrefix  = "arXiv",
      primaryClass   = "hep-ph",
      reportNumber   = "JLAB-THY-10-1176",
      SLACcitation   = "%%CITATION = ARXIV:1012.5296;%%"
}


@Article{Bacchetta:2006tn,
     author    = "Bacchetta, Alessandro and others",
     title     = "{Semi-inclusive deep inelastic scattering at small
                  transverse momentum}",
     journal   = "JHEP",
     volume    = "02",
     year      = "2007",
     pages     = "093",
     eprint    = "hep-ph/0611265",
     SLACcitation  = "%%CITATION = HEP-PH/0611265;%%"
}
@article{Novikov:2020snp,
    author = "Novikov, Ivan and others",
    title = "{Parton Distribution Functions of the Charged Pion Within The xFitter Framework}",
    eprint = "2002.02902",
    archivePrefix = "arXiv",
    primaryClass = "hep-ph",
    reportNumber = "DESY-20-013, DESY 20-013",
    doi = "10.1103/PhysRevD.102.014040",
    journal = "Phys. Rev. D",
    volume = "102",
    number = "1",
    pages = "014040",
    year = "2020"
}

@article{Schlumpf:1992pp,
    author = "Schlumpf, Felix",
    title = "{Nucleon form-factors in a relativistic quark model}",
    eprint = "hep-ph/9301233",
    archivePrefix = "arXiv",
    reportNumber = "SLAC-PUB-5968",
    doi = "10.1088/0954-3899/20/1/024",
    journal = "J. Phys. G",
    volume = "20",
    pages = "237--240",
    year = "1994"
}

@article{Pasquini:2007iz,
    author = "Pasquini, B. and Boffi, S.",
    title = "{Electroweak structure of the nucleon, meson cloud and light-cone wavefunctions}",
    eprint = "0707.2897",
    archivePrefix = "arXiv",
    primaryClass = "hep-ph",
    doi = "10.1103/PhysRevD.76.074011",
    journal = "Phys. Rev. D",
    volume = "76",
    pages = "074011",
    year = "2007"
}
@article{Schlumpf:1994bc,
    author = "Schlumpf, Felix",
    editor = "Diambrini-Palazzi, G. and Cosmelli, C. and Martinelli, G. and Zanello, Lucia",
    title = "{Charge form-factors of pseudoscalar mesons}",
    eprint = "hep-ph/9406267",
    archivePrefix = "arXiv",
    reportNumber = "SLAC-PUB-6483",
    doi = "10.1103/PhysRevD.50.6895",
    journal = "Phys. Rev. D",
    volume = "50",
    pages = "6895--6898",
    year = "1994"
}

@misc{Mathematica,
  author = {Wolfram Research{,} Inc.},
  title = {Mathematica, {V}ersion 12.1},
  url = {https://www.wolfram.com/mathematica},
  note = {Champaign, IL, 2020}
}
@article{Hirai:1997mm,
    author = "Hirai, M. and Kumano, S. and Miyama, M.",
    title = "{Numerical solution of Q**2 evolution equation for the transversity distribution Delta(T)q}",
    eprint = "hep-ph/9712410",
    archivePrefix = "arXiv",
    reportNumber = "SAGA-HE-125-97",
    doi = "10.1016/S0010-4655(98)00028-9",
    journal = "Comput. Phys. Commun.",
    volume = "111",
    pages = "150--166",
    year = "1998"
}

@article{Bethke:2012jm,
    author = "Bethke, Siegfried",
    editor = "Narison, Stephan",
    title = "{World Summary of $\alpha_s$ (2012)}",
    eprint = "1210.0325",
    archivePrefix = "arXiv",
    primaryClass = "hep-ex",
    reportNumber = "MPP-2012-132",
    doi = "10.1016/j.nuclphysbps.2012.12.020",
    journal = "Nucl. Phys. B Proc. Suppl.",
    volume = "234",
    pages = "229--234",
    year = "2013"
}


@article{Savin:2015paa,
    author = "Savin, I.A. and others",
    editor = "D'Alesio, Umberto and Murgia, Francesco",
    title = "{Spin Physics Experiments at NICA-SPD with polarized proton and deuteron beams}",
    eprint = "1408.3959",
    archivePrefix = "arXiv",
    primaryClass = "hep-ex",
    doi = "10.1051/epjconf/20158502039",
    journal = "EPJ Web Conf.",
    volume = "85",
    pages = "02039",
    year = "2015"
}

@article{Weigel:1999pc,
    author = "Weigel, H. and Ruiz Arriola, E. and Gamberg, L.P.",
    title = "{Hadron structure functions in a chiral quark model: Regularization, scaling and sum rules}",
    eprint = "hep-ph/9905329",
    archivePrefix = "arXiv",
    reportNumber = "MIT-CTP-2861, OKHEP-99-03",
    doi = "10.1016/S0550-3213(99)00426-5",
    journal = "Nucl. Phys. B",
    volume = "560",
    pages = "383--427",
    year = "1999"
}

@article{RuizArriola:2003bs,
    author = "Ruiz Arriola, Enrique and Broniowski, Wojciech",
    title = "{Spectral quark model and low-energy hadron phenomenology}",
    eprint = "hep-ph/0301202",
    archivePrefix = "arXiv",
    doi = "10.1103/PhysRevD.67.074021",
    journal = "Phys. Rev. D",
    volume = "67",
    pages = "074021",
    year = "2003"
}


%
% NEW REFERENCES 
%

@article{Gehrmann:2014yya,
    author = "Gehrmann, Thomas and Luebbert, Thomas and Yang, Li Lin",
    title = "{Calculation of the transverse parton distribution functions at next-to-next-to-leading order}",
    eprint = "1403.6451",
    archivePrefix = "arXiv",
    primaryClass = "hep-ph",
    reportNumber = "DESY-14-037",
    doi = "10.1007/JHEP06(2014)155",
    journal = "JHEP",
    volume = "06",
    pages = "155",
    year = "2014"
}

@article{Echevarria:2015byo,
    author = "Echevarria, Miguel G. and Scimemi, Ignazio and Vladimirov, Alexey",
    title = "{Universal transverse momentum dependent soft function at NNLO}",
    eprint = "1511.05590",
    archivePrefix = "arXiv",
    primaryClass = "hep-ph",
    reportNumber = "NIKHEF-2015-34",
    doi = "10.1103/PhysRevD.93.054004",
    journal = "Phys. Rev. D",
    volume = "93",
    number = "5",
    pages = "054004",
    year = "2016"
}

@article{Echevarria:2015usa,
    author = "Echevarria, Miguel G. and Scimemi, Ignazio and Vladimirov, Alexey",
    title = "{Transverse momentum dependent fragmentation function at next-to--next-to--leading order}",
    eprint = "1509.06392",
    archivePrefix = "arXiv",
    primaryClass = "hep-ph",
    reportNumber = "NIKHEF-2015-028",
    doi = "10.1103/PhysRevD.93.011502",
    journal = "Phys. Rev. D",
    volume = "93",
    number = "1",
    pages = "011502",
    year = "2016",
    note = "[Erratum: Phys.Rev.D 94, 099904 (2016)]"
}

@article{Echevarria:2016scs,
    author = "Echevarria, Miguel G. and Scimemi, Ignazio and Vladimirov, Alexey",
    title = "{Unpolarized Transverse Momentum Dependent Parton Distribution and Fragmentation Functions at next-to-next-to-leading order}",
    eprint = "1604.07869",
    archivePrefix = "arXiv",
    primaryClass = "hep-ph",
    doi = "10.1007/JHEP09(2016)004",
    journal = "JHEP",
    volume = "09",
    pages = "004",
    year = "2016"
}

@article{Li:2016ctv,
    author = "Li, Ye and Zhu, Hua Xing",
    title = "{Bootstrapping Rapidity Anomalous Dimensions for Transverse-Momentum Resummation}",
    eprint = "1604.01404",
    archivePrefix = "arXiv",
    primaryClass = "hep-ph",
    reportNumber = "FERMILAB-PUB-16-067-PPD-T, MIT-CTP-4796",
    doi = "10.1103/PhysRevLett.118.022004",
    journal = "Phys. Rev. Lett.",
    volume = "118",
    number = "2",
    pages = "022004",
    year = "2017"
}

@article{Vladimirov:2016dll,
    author = "Vladimirov, Alexey A.",
    title = "{Correspondence between Soft and Rapidity Anomalous Dimensions}",
    eprint = "1610.05791",
    archivePrefix = "arXiv",
    primaryClass = "hep-ph",
    doi = "10.1103/PhysRevLett.118.062001",
    journal = "Phys. Rev. Lett.",
    volume = "118",
    number = "6",
    pages = "062001",
    year = "2017"
}

@article{Luo:2019hmp,
    author = "Luo, Ming-Xing and Wang, Xing and Xu, Xiaofeng and Yang, Li Lin and Yang, Tong-Zhi and Zhu, Hua Xing",
    title = "{Transverse Parton Distribution and Fragmentation Functions at NNLO: the Quark Case}",
    eprint = "1908.03831",
    archivePrefix = "arXiv",
    primaryClass = "hep-ph",
    doi = "10.1007/JHEP10(2019)083",
    journal = "JHEP",
    volume = "10",
    pages = "083",
    year = "2019"
}

@article{Luo:2019szz,
    author = "Luo, Ming-Xing and Yang, Tong-Zhi and Zhu, Hua Xing and Zhu, Yu Jiao",
    title = "{Quark Transverse Parton Distribution at the Next-to-Next-to-Next-to-Leading Order}",
    eprint = "1912.05778",
    archivePrefix = "arXiv",
    primaryClass = "hep-ph",
    doi = "10.1103/PhysRevLett.124.092001",
    journal = "Phys. Rev. Lett.",
    volume = "124",
    number = "9",
    pages = "092001",
    year = "2020"
}
@article{Ebert:2020yqt,
    author = "Ebert, Markus A. and Mistlberger, Bernhard and Vita, Gherardo",
    title = "{Transverse momentum dependent PDFs at N$^3$LO}",
    eprint = "2006.05329",
    archivePrefix = "arXiv",
    primaryClass = "hep-ph",
    reportNumber = "MIT-CTP/5209, SLAC-PUB-17535",
    doi = "10.1007/JHEP09(2020)146",
    journal = "JHEP",
    volume = "09",
    pages = "146",
    year = "2020"
}
@article{Gutierrez-Reyes:2017glx,
    author = "Gutiérrez-Reyes, Daniel and Scimemi, Ignazio and Vladimirov, Alexey A.",
    title = "{Twist-2 matching of transverse momentum dependent distributions}",
    eprint = "1702.06558",
    archivePrefix = "arXiv",
    primaryClass = "hep-ph",
    doi = "10.1016/j.physletb.2017.03.031",
    journal = "Phys. Lett. B",
    volume = "769",
    pages = "84--89",
    year = "2017"
}

@article{Gutierrez-Reyes:2018iod,
    author = "Gutierrez-Reyes, Daniel and Scimemi, Ignazio and Vladimirov, Alexey",
    title = "{Transverse momentum dependent transversely polarized distributions at next-to-next-to-leading-order}",
    eprint = "1805.07243",
    archivePrefix = "arXiv",
    primaryClass = "hep-ph",
    doi = "10.1007/JHEP07(2018)172",
    journal = "JHEP",
    volume = "07",
    pages = "172",
    year = "2018"
}

@article{Ji:2006ub,
    author = "Ji, Xiangdong and Qiu, Jian-Wei and Vogelsang, Werner and Yuan, Feng",
    title = "{A Unified picture for single transverse-spin asymmetries in hard processes}",
    eprint = "hep-ph/0602239",
    archivePrefix = "arXiv",
    reportNumber = "BNL-NT-06-11, RBRC-588",
    doi = "10.1103/PhysRevLett.97.082002",
    journal = "Phys. Rev. Lett.",
    volume = "97",
    pages = "082002",
    year = "2006"
}

@article{Koike:2007dg,
    author = "Koike, Yuji and Vogelsang, Werner and Yuan, Feng",
    title = "{On the Relation Between Mechanisms for Single-Transverse-Spin Asymmetries}",
    eprint = "0711.0636",
    archivePrefix = "arXiv",
    primaryClass = "hep-ph",
    reportNumber = "BNL-NT-07-46, RBRC-702",
    doi = "10.1016/j.physletb.2007.11.096",
    journal = "Phys. Lett. B",
    volume = "659",
    pages = "878--884",
    year = "2008"
}

@article{Sun:2013hua,
    author = "Sun, Peng and Yuan, Feng",
    title = "{Transverse momentum dependent evolution: Matching semi-inclusive deep inelastic scattering processes to Drell-Yan and W/Z boson production}",
    eprint = "1308.5003",
    archivePrefix = "arXiv",
    primaryClass = "hep-ph",
    doi = "10.1103/PhysRevD.88.114012",
    journal = "Phys. Rev. D",
    volume = "88",
    number = "11",
    pages = "114012",
    year = "2013"
}

@article{Dai:2014ala,
    author = "Dai, Ling-Yun and Kang, Zhong-Bo and Prokudin, Alexei and Vitev, Ivan",
    title = "{Next-to-leading order transverse momentum-weighted Sivers asymmetry in semi-inclusive deep inelastic scattering: the role of the three-gluon correlator}",
    eprint = "1409.5851",
    archivePrefix = "arXiv",
    primaryClass = "hep-ph",
    reportNumber = "JLAB-THY-14-1947",
    doi = "10.1103/PhysRevD.92.114024",
    journal = "Phys. Rev. D",
    volume = "92",
    number = "11",
    pages = "114024",
    year = "2015"
}

@article{Scimemi:2019gge,
    author = "Scimemi, Ignazio and Tarasov, Andrey and Vladimirov, Alexey",
    title = "{Collinear matching for Sivers function at next-to-leading order}",
    eprint = "1901.04519",
    archivePrefix = "arXiv",
    primaryClass = "hep-ph",
    doi = "10.1007/JHEP05(2019)125",
    journal = "JHEP",
    volume = "05",
    pages = "125",
    year = "2019"
}

@article{Collins:1981va,
    author = "Collins, John C. and Soper, Davison E.",
    title = "{Back-To-Back Jets: Fourier Transform from B to K-Transverse}",
    reportNumber = "OITS-153",
    doi = "10.1016/0550-3213(82)90453-9",
    journal = "Nucl. Phys. B",
    volume = "197",
    pages = "446--476",
    year = "1982"
}

@article{Aybat:2011zv,
    author = "Aybat, S.Mert and Rogers, Ted C.",
    title = "{TMD Parton Distribution and Fragmentation Functions with QCD Evolution}",
    eprint = "1101.5057",
    archivePrefix = "arXiv",
    primaryClass = "hep-ph",
    reportNumber = "NIKHEF-2011-001",
    doi = "10.1103/PhysRevD.83.114042",
    journal = "Phys. Rev. D",
    volume = "83",
    pages = "114042",
    year = "2011"
}

@article{Angeles-Martinez:2015sea,
    author = "Angeles-Martinez, R. and others",
    title = "{Transverse Momentum Dependent (TMD) parton distribution functions: status and prospects}",
    eprint = "1507.05267",
    archivePrefix = "arXiv",
    primaryClass = "hep-ph",
    reportNumber = "DESY-15-111, NIKHEF-2015-023, RAL-P-2015-006, JLAB-THY-15-2020",
    doi = "10.5506/APhysPolB.46.2501",
    journal = "Acta Phys. Polon. B",
    volume = "46",
    number = "12",
    pages = "2501--2534",
    year = "2015"
}

@article{Scimemi:2019cmh,
    author = "Scimemi, Ignazio and Vladimirov, Alexey",
    title = "{Non-perturbative structure of semi-inclusive deep-inelastic and Drell-Yan scattering at small transverse momentum}",
    eprint = "1912.06532",
    archivePrefix = "arXiv",
    primaryClass = "hep-ph",
    doi = "10.1007/JHEP06(2020)137",
    journal = "JHEP",
    volume = "06",
    pages = "137",
    year = "2020"
}

@article{Bacchetta:2019sam,
    author = "Bacchetta, Alessandro and Bertone, Valerio and Bissolotti, Chiara and Bozzi, Giuseppe and Delcarro, Filippo and Piacenza, Fulvio and Radici, Marco",
    title = "{Transverse-momentum-dependent parton distributions up to N$^{3}$LL from Drell-Yan data}",
    eprint = "1912.07550",
    archivePrefix = "arXiv",
    primaryClass = "hep-ph",
    reportNumber = "JLAB-THY-19-3121",
    doi = "10.1007/JHEP07(2020)117",
    journal = "JHEP",
    volume = "07",
    pages = "117",
    year = "2020"
}

@article{Ebert:2020dfc,
    author = "Ebert, Markus A. and Michel, Johannes K.L. and Stewart, Iain W. and Tackmann, Frank J.",
    title = "{Drell-Yan $q_T$ Resummation of Fiducial Power Corrections at N$^3$LL}",
    eprint = "2006.11382",
    archivePrefix = "arXiv",
    primaryClass = "hep-ph",
    reportNumber = "DESY-20-016, DESY 20-016, MIT-CTP 5205",
    month = "6",
    year = "2020"
}

@article{Moos:2020wvd,
    author = "Moos, Valentin and Vladimirov, Alexey",
    title = "{Calculation of transverse momentum dependent distributions beyond the leading power}",
    eprint = "2008.01744",
    archivePrefix = "arXiv",
    primaryClass = "hep-ph",
    month = "8",
    year = "2020"
}

@article{Traini:1997jz,
    author = "Traini, M. and Mair, A. and Zambarda, A. and Vento, V.",
    title = "{Constituent quarks and parton distributions}",
    doi = "10.1016/S0375-9474(96)00450-2",
    journal = "Nucl. Phys. A",
    volume = "614",
    pages = "472--500",
    year = "1997"
}